@article{reflectancefield,
  title={Towards passive 6D reflectance field displays},
  author={Fuchs, Martin and Raskar, Ramesh and Seidel, Hans-Peter and Lensch, Hendrik PA},
  journal={ACM Transactions on Graphics (TOG)},
  volume={27},
  number={3},
  pages={1--8},
  year={2008},
  publisher={ACM New York, NY, USA}
}

@incollection{subsurface,
  title={Physical reproduction of materials with specified subsurface scattering},
  author={Ha{\v{s}}an, Milo{\v{s}} and Fuchs, Martin and Matusik, Wojciech and Pfister, Hanspeter and Rusinkiewicz, Szymon},
  booktitle={ACM SIGGRAPH 2010 papers},
  pages={1--10},
  year={2010}
}

@article{refractive,
  title={The magic lens: refractive steganography.},
  author={Papas, Marios and Houit, Thomas and Nowrouzezahrai, Derek and Gross, Markus H and Jarosz, Wojciech},
  journal={ACM Trans. Graph.},
  volume={31},
  number={6},
  pages={186--1},
  year={2012},
  publisher={Citeseer}
}

@article{holography,
  title={Computational highlight holography},
  author={Regg, Christian and Rusinkiewicz, Szymon and Matusik, Wojciech and Gross, Markus},
  journal={ACM Transactions on Graphics (TOG)},
  volume={29},
  number={6},
  pages={1--12},
  year={2010},
  publisher={ACM New York, NY, USA}
}

@inproceedings{finckh,
  title={Geometry construction from caustic images},
  author={Finckh, Manuel and Dammertz, Holger and Lensch, Hendrik},
  booktitle={European Conference on Computer Vision},
  pages={464--477},
  year={2010},
  organization={Springer}
}

@article{papas,
  title={State of the art in photon density estimation},
  author={Hachisuka, Toshiya and Jarosz, Wojciech and Bouchard, Guillaume and Christensen, Per and Frisvad, Jeppe Revall and Jakob, Wenzel and Jensen, Henrik Wann and Kaschalk, Michael and Knaus, Claude and Selle, Andrew and others},
  journal={Acm Siggraph 2012 Courses},
  pages={1--469},
  year={2012}
}

@inproceedings{yue,
  title={Pixel art with refracted light by rearrangeable sticks},
  author={Yue, Yonghao and Iwasaki, Kei and Chen, Bing-Yu and Dobashi, Yoshinori and Nishita, Tomoyuki},
  booktitle={Computer Graphics Forum},
  volume={31},
  number={2pt3},
  pages={575--582},
  year={2012},
  organization={Wiley Online Library}
}

@article{yue2014poisson,
  title={Poisson-based continuous surface generation for goal-based caustics},
  author={Yue, Yonghao and Iwasaki, Kei and Chen, Bing-Yu and Dobashi, Yoshinori and Nishita, Tomoyuki},
  journal={ACM Transactions on Graphics (TOG)},
  volume={33},
  number={3},
  pages={1--7},
  year={2014},
  publisher={ACM New York, NY, USA}
}

@article{mattwebsite,
  title={Hiding Images in Plain Sight: The Physics Of Magic Windows},
  author={Matt Ferraro},
  url={https://mattferraro.dev/posts/caustics-engineering},
  year={2021},
}
